@book{brundtland1987report,
  title={Report of the World Commission on environment and development:" our common future."},
  author={Brundtland, Gro Harlem},
  year={1987},
  publisher={United Nations}
}

@article{hart1995natural,
  title={A natural-resource-based view of the firm},
  author={Hart, Stuart L},
  journal={Academy of management review},
  volume={20},
  number={4},
  pages={986--1014},
  year={1995},
  publisher={Academy of Management}
}

@article{pinheiro2004informaccao,
  title={Informa{\c{c}}{\~a}o: esse obscuro objeto da ci{\^e}ncia da informa{\c{c}}{\~a}o},
  author={Pinheiro, Lena Vania Ribeiro},
  journal={Revista Morpheus-Estudos Interdisciplinares em Mem{\'o}ria Social},
  volume={3},
  number={4},
  address={Rio de Janeiro},
  year={2004}
}

@article{aguilar2009tecnologia,
  title={{Tecnologia da Informa{\c{c}}{\~a}o Verde:} Uma abordagem sobre investimentos e atitudes das empresas para tornar socialmente sustent{\'a}vel o meio ambiente},
  author={Aguilar, F{\'a}bio Pacheco},
  publisher={S{\~a}o Paulo: FATEC},
  year={2009}
}

@article{acevedo1998ciencia,
  title={Ciencia, Tecnolog{\'\i}a y Sociedad: una mirada desde la Educaci{\'o}n en Tecnolog{\'\i}a},
  author={Acevedo, Germ{\'a}n Dar{\'\i}o Rodr{\'\i}guez},
  journal={Revista Iberoamericana de Educaci{\'o}n},
  volume={18},
  pages={107--143},
  year={1998},
  url = {http://rieoei.org/oeivirt/rie18a05.htm},
  urldate = {2017-05-19},
  note = {Acesso em 19 mai. 17}
}

@mastersthesis{veraszto2004projeto,
  author       = {Veraszto, Estefano Vizconde}, 
  title        = {{Projeto Teckids}: Educa{\c{c}}{\~a}o Tecnol{\'o}gica no Ensino Fundamental},
  school       = {Universidade Estadual de Campinas, Faculdade de Educa{\c{c}}{\~a}o},
  year         = 2004,
  address      = {Campinas, São Paulo}
}

@book{gama1986,
  author    = {Gama, Ruy}, 
  title     = {A Tecnologia e o Trabalho Na História},
  publisher = {NobelEdusp (Livraria Nobel S.A. e Edusp)},
  year      = 1986,
  edition   = 1,
  address   = {São Paulo}
}
@article{de1996tecnologia,
  title={Tecnologia da informa{\c{c}}{\~a}o no contexto organizacional},
  author={Valle, Bejamim de Medeiros},
  journal={Ci{\^e}ncia da Informa{\c{c}}{\~a}o},
  volume={25},
  pages={2},
  number={1},
  year={1996},
  url = {http://revista.ibict.br/ciinf/article/view/669/678},
  urldate = {2017-05-19},
  note = {Acesso em 19 mai. 17}
}

@article{fleury1990capacitaccao,
  title={Capacita{\c{c}}{\~a}o tecnol{\'o}gica e processo de trabalho: compara{\c{c}}{\~a}o entre o modelo japon{\^e}s e o brasileiro},
  author={Fleury, Afonso},
  journal={Revista de Administra{\c{c}}{\~a}o de Empresas},
  address={São Paulo},
  volume={30},
  number={4},
  pages={23--30},
  year={1990},
  url = {http://www.scielo.br/pdf/rae/v30n4/v30n4a03.pdf},
  urldate = {2017-05-19},
  note = {Acesso em 19 mai. 17}
}

@mastersthesis{lunardi2001efeitos,
  author       = {Lunardi, Guilherme Lerch}, 
  title        = {Os efeitos da tecnologia de informa{\c{c}}{\~a}o (TI) nas vari{\'a}veis estrat{\'e}gicas organizacionais da ind{\'u}stria banc{\'a}ria: estudo comparativo entre alguns pa{\'\i}ses da Am{\'e}rica},
  school       = {Universidade Federal do Rio Grande do Sul},
  year         = 2001,
  address      = {Porto Alegre, Rio Grande do Sul}
}

@phdthesis{laurindo2000estudo,
  author       = {Laurindo, Fernando José Barbin}, 
  title        = {Um estudo sobre a avaliação da eficácia da Tecnologia de Informação nas organizações},
  school       = {Universidade de São Paulo},
  year         = 2000,
  address      = {São Paulo}
}

@mastersthesis{silva2011,
  author       = {Silva, Bruno Leonardo Pontes}, 
  title        = {TI Verde e o descarte do lixo computacional: Um estudo de caso na Prefeitura Municipal de Paulo Afonso – BA},
  school       = {Faculdade Sete de Setembro},
  year         = 2011,
  address      = {Paulo Afonso, Bahia}
}

@online{gramatica2017,
  author = {Gramatica},
  title = {Etimologia de informação},
  year = 2017,
  url = {https://www.gramatica.net.br/origem-das-palavras/etimologia-de-informacao},
  urldate = {2017-05-03},
  note = {Acesso em 3 mai. 17}
}


@online{conceito2017,
  author = {Conceito},
  title = {Conceito de tecnologia},
  year = 2017,
  url = {http://conceito.de/tecnologia},
  urldate = {2017-05-22},
  note = {Acesso em: 22 mai. 17}
}

@article{shaw1997information,
  title={Information technology for automated manufacturing enterprises: recent developments and current research issues},
  author={Shaw, MJ and Seidmann, A and Whinston, AB},
  journal={International Journal of Flexible Manufacturing Systems},
  volume={9},
  number={2},
  pages={115--120},
  year={1997},
  publisher={Springer}
}

@misc{kraemer2005responsabilidade,
    title={Responsabilidade social: um olhar para a sustentabilidade.},
    author={Kraemer, Maria Elisabeth Pereira},
    year={2005},
    url={http://gerencia.ambientebrasil.com.br/midia/anexos/457.pdf},
    urldate={2018-05-03},
    note={Acesso em 03 mai 18}
}

@article{pinto2011estudo,
  title={Estudo sobre TI Verde e sua aplicabilidade em Aragua{\'\i}na},
  author={Pinto, TM da C and Savoine, MM},
  journal={Revista Cient{\'\i}fica do ITPAC},
  volume={4},
  number={1},
  pages={11--12},
  year={2011}
}

@misc{briefing2008preciso,
    title={O que {\'e} preciso saber para adotar a TI Verde},
    author={Briefing, E},
    year={2008},
    publisher={Computerword},
    url={https://web.archive.org/web/20101011110038/http://www.rs.sucesu.org.br/arquivos/TIVerde.pdf},
    urldate={2018-05-03},
    note={Acesso em 03 mai 18}
}

@article{abreu2012ti,
    title={Ti Verde--Implementa{\c{c}}{\~a}o de Pr{\'a}ticas Sustent{\'a}veis em Empresa de Tecnologia da Informa{\c{c}}{\~a}o},
    author={Abreu, Aline Fernandes de and Monteiro, Miriam de Souza and Romito, Paulo Roberto},
    journal={IX Simp{\'o}sio de excel{\^e}ncia em gest{\~a}o e tecnol{\'o}gica},
    year={2012},
    url={http://www.inf.aedb.br/seget/artigos12/25916208.pdf},
    urldate={2018-05-03},
    note={Acesso em 03 mai 18}
}

@article{ferreira2009tiverde,
  author  = {Ferreira, Claudio}, 
  title   = {TI Verde 2.0: no caminho sustentável},
  journal = {TI Inside},
  year    = 2009,
  number  = 53,
  pages   = {16-22},
  volume  = 5,
    url={https://issuu.com/telaviva/docs/ti_53.issuu},
    urldate={2018-05-03},
    note={Acesso em 03 mai 18}
}